%% This BibTeX bibliography file was created using BibDesk.
%% http://bibdesk.sourceforge.net/


%% Created for Willem Heijltjes at 2013-07-19 18:08:32 +0100 


%% Saved with string encoding Unicode (UTF-8) 



@article{Barr-1991,
	Author = {Michael Barr},
	Date-Added = {2013-07-19 17:08:29 +0000},
	Date-Modified = {2013-07-19 17:08:29 +0000},
	Journal = {\BIBABBR{MSCS}},
	Keywords = {linear logic, categorical semantics},
	Pages = {159--178},
	Read = {Yes},
	Title = {*-{A}utonomous categories and linear logic},
	Volume = {1},
	Year = {1991},
	Bdsk-File-1 = {YnBsaXN0MDDUAQIDBAUGJCVYJHZlcnNpb25YJG9iamVjdHNZJGFyY2hpdmVyVCR0b3ASAAGGoKgHCBMUFRYaIVUkbnVsbNMJCgsMDRBWJGNsYXNzV05TLmtleXNaTlMub2JqZWN0c4AHog4PgAKAA6IREoAEgAVccmVsYXRpdmVQYXRoWWFsaWFzRGF0YV8QRi4uLy4uLy4uL1BhcGVycy9CYXJyLzE5OTEtKi1BdXRvbm9tb3VzIGNhdGVnb3JpZXMgYW5kIGxpbmVhciBsb2dpYy5wZGbSCRcYGVdOUy5kYXRhgAZPEQIUAAAAAAIUAAIAAAxNYWNpbnRvc2ggSEQAAAAAAAAAAAAAAAAAAADKQPf8SCsAAAAG6G0fMTk5MS0qLUF1dG9ub21vdXMgY2F0IzZFODZFLnBkZgAAAAAAAAAAAAAAAAAAAAAAAAAAAAAAAAAAAAAAAAAAAAbobskBykIAAAAAAAAAAAADAAMAAAkgAAAAAAAAAAAAAAAAAAAABEJhcnIAEAAIAADKQOnsAAAAEQAIAADJAcpCAAAAAQAUAAbobQAG5awABQIHAAUCBgAAvuwAAgBUTWFjaW50b3NoIEhEOlVzZXJzOgBXaWxsZW06AERvY3VtZW50czoAUGFwZXJzOgBCYXJyOgAxOTkxLSotQXV0b25vbW91cyBjYXQjNkU4NkUucGRmAA4AZAAxADEAOQA5ADEALQAqAC0AQQB1AHQAbwBuAG8AbQBvAHUAcwAgAGMAYQB0AGUAZwBvAHIAaQBlAHMAIABhAG4AZAAgAGwAaQBuAGUAYQByACAAbABvAGcAaQBjAC4AcABkAGYADwAaAAwATQBhAGMAaQBuAHQAbwBzAGgAIABIAEQAEgBUVXNlcnMvV2lsbGVtL0RvY3VtZW50cy9QYXBlcnMvQmFyci8xOTkxLSotQXV0b25vbW91cyBjYXRlZ29yaWVzIGFuZCBsaW5lYXIgbG9naWMucGRmABMAAS8AABUAAgAN//8AANIbHB0eWiRjbGFzc25hbWVYJGNsYXNzZXNdTlNNdXRhYmxlRGF0YaMdHyBWTlNEYXRhWE5TT2JqZWN00hscIiNcTlNEaWN0aW9uYXJ5oiIgXxAPTlNLZXllZEFyY2hpdmVy0SYnVHJvb3SAAQAIABEAGgAjAC0AMgA3AEAARgBNAFQAXABnAGkAbABuAHAAcwB1AHcAhACOANcA3ADkAOYC/gMDAw4DFwMlAykDMAM5Az4DSwNOA2ADYwNoAAAAAAAAAgEAAAAAAAAAKAAAAAAAAAAAAAAAAAAAA2o=}}

@book{Barr-1979,
	Address = {Berlin, Heidelberg, New York},
	Author = {Michael Barr},
	Date-Added = {2013-07-19 17:07:40 +0000},
	Date-Modified = {2013-07-19 17:07:40 +0000},
	Keywords = {linear logic, categorical semantics},
	Publisher = {Springer-Verlag},
	Series = {Lecture Notes in Mathematics},
	Title = {*-{A}utonomous categories},
	Volume = {752},
	Year = {1979}}

@article{HughesMLLProofNets,
	Author = {Hughes, Dominic J.D.},
	Journal = {Annals of Pure and Applied Logic},
	Note = {arXiv:math.LO/0507003},
	Title = {Simple multiplicative proof nets with units},
	Xurl = {http://arxiv.org/abs/math.LO/0507003},
	Year = {2012}}

@article{HughesFreeStar,
	Author = {Hughes, Dominic J.D.},
	Note = {arXiv:math.CT/0506521},
	Title = {Simple free star-autonomous categories and full coherence},
	Xurl = {http://arxiv.org/abs/math.CT/0506521},
	Year = {2012}}

@article{ReconfigurationProblems,
	Author = {Takehiro Ito and Erik D. Demaine and Nicholas J.A. Harvey and Christos H. Papadimitriou and Martha Sideri and Ryuhei Uehara and Yushi Uno},
	Doi = {10.1016/j.tcs.2010.12.005},
	Issn = {0304-3975},
	Journal = {Theoretical Computer Science},
	Number = {12--14},
	Pages = {1054--1065},
	Title = {On the complexity of reconfiguration problems},
	Url = {http://erikdemaine.org/papers/NPReconfiguration\_TCS/},
	Volume = {412},
	Year = {2011},
	Bdsk-Url-1 = {http://erikdemaine.org/papers/NPReconfiguration%5C_TCS/},
	Bdsk-Url-2 = {http://dx.doi.org/10.1016/j.tcs.2010.12.005}}

@incollection{TheConnectivityOfBooleanSatisfiability,
	Author = {Parikshit Gopalan and Phokion G. Kolaitis and Elitza N. Maneva and Christos H. Papadimitriou},
	Booktitle = {Automata, Languages and Programming},
	Doi = {10.1007/11786986\_31},
	Editor = {Bugliesi, Michele and Preneel, Bart and Sassone, Vladimiro and Wegener, Ingo},
	Isbn = {978-3-540-35904-3},
	Pages = {346--357},
	Publisher = {Springer Berlin Heidelberg},
	Series = {Lecture Notes in Computer Science},
	Title = {The Connectivity of Boolean Satisfiability: Computational and Structural Dichotomies},
	Url = {http://research.microsoft.com/pubs/77674/jsiam.pdf},
	Volume = {4051},
	Year = {2006},
	Bdsk-Url-1 = {http://research.microsoft.com/pubs/77674/jsiam.pdf},
	Bdsk-Url-2 = {http://dx.doi.org/10.1007/11786986%5C_31}}

@book{GareyAndJohnson,
	Address = {New York, NY, USA},
	Author = {Garey, Michael R. and Johnson, David S.},
	Isbn = {0716710447},
	Publisher = {W. H. Freeman \& Co.},
	Title = {Computers and Intractability: A Guide to the Theory of NP-Completeness},
	Year = {1979}}

@phdthesis{TrimbleThesis,
	Author = {Todd Trimble},
	School = {Rutgers University},
	Title = {Linear logic, bimodules, and full coherence for autonomous categories},
	Year = 1994}

@article{BCST,
	Author = {Richard Blute and Robin Cockett and Robert Seely and Todd Trimble},
	Journal = {Journal of Pure and Applied Algebra},
	Pages = {220--296},
	Title = {Natural Deduction and Coherence for Weakly Distributive Categories},
	Volume = 113,
	Year = 1996}

@article{RushHour,
	Author = {Gary William Flake and Eric B. Baum},
	Doi = {10.1016/S0304-3975(01)00173-6},
	Issn = {0304-3975},
	Journal = {Theoretical Computer Science},
	Number = {1--2},
	Pages = {895--911},
	Title = {Rush Hour is {PSPACE}-complete, orâ€š ``Why you should generously tip parking lot attendants''},
	Url = {http://www.sciencedirect.com/science/article/pii/S0304397501001736},
	Volume = {270},
	Year = {2002},
	Bdsk-Url-1 = {http://www.sciencedirect.com/science/article/pii/S0304397501001736},
	Bdsk-Url-2 = {http://dx.doi.org/10.1016/S0304-3975(01)00173-6}}

@article{HearnDemaineTCS,
	Author = {Robert A. Hearn and Erik D. Demaine},
	Doi = {10.1016/j.tcs.2005.05.008},
	Issn = {0304-3975},
	Journal = {Theoretical Computer Science},
	Number = {1--2},
	Pages = {72--96},
	Title = {{PSPACE}-completeness of sliding-block puzzles and other problems through the nondeterministic constraint logic model of computation},
	Volume = {343},
	Xurl = {http://www.sciencedirect.com/science/article/pii/S0304397505003105},
	Year = {2005},
	Bdsk-Url-1 = {http://dx.doi.org/10.1016/j.tcs.2005.05.008}}

@inproceedings{HearnDemaineCCC08,
	Author = {Demaine, Erik D and Hearn, Robert A},
	Booktitle = {CCC'08. 23rd Annual IEEE Conference on Computational Complexity, 2008},
	Organization = {IEEE},
	Pages = {149--162},
	Title = {Constraint logic: A uniform framework for modeling computation as games},
	Year = {2008}}

@book{GamesPuzzlesAndComputation,
	Author = {Robert A Hearn and Erik D Demaine},
	Publisher = {AK Peters, Ltd.},
	Title = {Games, puzzles, and computation},
	Year = {2009}}

@article{Girard87,
	Author = {Jean-Yves Girard},
	Journal = {Theoretical Computer Science},
	Pages = {1--102},
	Title = {Linear Logic},
	Volume = {50},
	Year = {1987}}

@article{DR89,
	Author = {Vincent Danos and Laurent Regnier},
	Journal = {Archive for Mathematical Logic},
	Pages = {181--203},
	Title = {The Structure of Multiplicatives},
	Volume = 28,
	Year = {1989}}
