%% This BibTeX bibliography file was created using BibDesk.
%% http://bibdesk.sourceforge.net/


%% Created for Willem Heijltjes at 2014-12-05 11:30:16 +0000 


%% Saved with string encoding Unicode (UTF-8) 



@article{Heijltjes-Strassburger,
	Author = {Willem Heijltjes and Lutz Stra{\ss}burger},
	Date-Added = {2014-04-03 09:17:24 +0000},
	Date-Modified = {2014-05-11 11:34:50 +0000},
	Journal = {MSCS},
	Note = {To appear},
	Title = {Proof nets and semi-star-autonomous categories},
	Year = {2014}}

@article{Lamarche-Strassburger-2006,
	Author = {Fran{\c{c}}ois Lamarche and Lutz Stra{\ss}burger},
	Date-Added = {2014-03-31 16:55:25 +0000},
	Date-Modified = {2014-03-31 16:55:25 +0000},
	Journal = {\BIBABBR{LMCS}},
	Keywords = {linear logic, proof nets, monoidal categories},
	Number = {4:3},
	Pages = {1--44},
	Read = {Yes},
	Title = {From Proof Nets to the Free *-Autonomous Category},
	Uri = {papers://2E7C2F90-9218-4419-932D-61016E675A07/Paper/p73},
	Volume = {2},
	Year = {2006},
	Bdsk-File-1 = {YnBsaXN0MDDUAQIDBAUGJCVYJHZlcnNpb25YJG9iamVjdHNZJGFyY2hpdmVyVCR0b3ASAAGGoKgHCBMUFRYaIVUkbnVsbNMJCgsMDxJXTlMua2V5c1pOUy5vYmplY3RzViRjbGFzc6INDoACgAOiEBGABIAFgAdccmVsYXRpdmVQYXRoWWFsaWFzRGF0YV8QVi4uLy4uLy4uLy4uL1BhcGVycy9MYW1hcmNoZS9Gcm9tIFByb29mIE5ldHMgdG8gdGhlIEZyZWUgKi1BdXRvbm9tb3VzIENhdGVnb3J5LTIwMDYucGRm0hcLGBlXTlMuZGF0YU8RAjwAAAAAAjwAAgAADE1hY2ludG9zaCBIRAAAAAAAAAAAAAAAAAAAAM3JBzpIKwAAAAZNAh9Gcm9tIFByb29mIE5ldHMgdG8gdGgjNjRFRUYucGRmAAAAAAAAAAAAAAAAAAAAAAAAAAAAAAAAAAAAAAAAAAAABk7vxK6s2gAAAAAAAAAAAAQAAwAACSAAAAAAAAAAAAAAAAAAAAAITGFtYXJjaGUAEAAIAADNyPkqAAAAEQAIAADErp7KAAAAAQAUAAZNAgAGTBIABcGGAAXBhQACEikAAgBYTWFjaW50b3NoIEhEOlVzZXJzOgBXaWxsZW06AERvY3VtZW50czoAUGFwZXJzOgBMYW1hcmNoZToARnJvbSBQcm9vZiBOZXRzIHRvIHRoIzY0RUVGLnBkZgAOAHYAOgBGAHIAbwBtACAAUAByAG8AbwBmACAATgBlAHQAcwAgAHQAbwAgAHQAaABlACAARgByAGUAZQAgACoALQBBAHUAdABvAG4AbwBtAG8AdQBzACAAQwBhAHQAZQBnAG8AcgB5AC0AMgAwADAANgAuAHAAZABmAA8AGgAMAE0AYQBjAGkAbgB0AG8AcwBoACAASABEABIAYVVzZXJzL1dpbGxlbS9Eb2N1bWVudHMvUGFwZXJzL0xhbWFyY2hlL0Zyb20gUHJvb2YgTmV0cyB0byB0aGUgRnJlZSAqLUF1dG9ub21vdXMgQ2F0ZWdvcnktMjAwNi5wZGYAABMAAS8AABUAAgAN//8AAIAG0hscHR5aJGNsYXNzbmFtZVgkY2xhc3Nlc11OU011dGFibGVEYXRhox0fIFZOU0RhdGFYTlNPYmplY3TSGxwiI1xOU0RpY3Rpb25hcnmiIiBfEA9OU0tleWVkQXJjaGl2ZXLRJidUcm9vdIABAAgAEQAaACMALQAyADcAQABGAE0AVQBgAGcAagBsAG4AcQBzAHUAdwCEAI4A5wDsAPQDNAM2AzsDRgNPA10DYQNoA3EDdgODA4YDmAObA6AAAAAAAAACAQAAAAAAAAAoAAAAAAAAAAAAAAAAAAADog==}}

@phdthesis{Houston-2008,
	Author = {Robin Houston},
	Date-Added = {2014-01-20 22:49:40 +0000},
	Date-Modified = {2014-01-20 22:51:21 +0000},
	School = {University of Manchester},
	Title = {Modelling linear logic without units},
	Year = {2008},
	Bdsk-File-1 = {YnBsaXN0MDDUAQIDBAUGJCVYJHZlcnNpb25YJG9iamVjdHNZJGFyY2hpdmVyVCR0b3ASAAGGoKgHCBMUFRYaIVUkbnVsbNMJCgsMDxJXTlMua2V5c1pOUy5vYmplY3RzViRjbGFzc6INDoACgAOiEBGABIAFgAdccmVsYXRpdmVQYXRoWWFsaWFzRGF0YV8QSC4uLy4uLy4uLy4uL1BhcGVycy9Ib3VzdG9uLzIwMDgtbW9kZWxsaW5nIGxpbmVhciBsb2dpYyB3aXRob3V0IHVuaXRzLnBkZtIXCxgZV05TLmRhdGFPEQIUAAAAAAIUAAIAAAxNYWNpbnRvc2ggSEQAAAAAAAAAAAAAAAAAAADNyQc6SCsAAAAGTNgfMjAwOC1tb2RlbGxpbmcgbGluZWFyIzY0RjQ2LnBkZgAAAAAAAAAAAAAAAAAAAAAAAAAAAAAAAAAAAAAAAAAAAAZPRsrBvnIAAAAAAAAAAAAEAAMAAAkgAAAAAAAAAAAAAAAAAAAAB0hvdXN0b24AABAACAAAzcj5KgAAABEACAAAysGwYgAAAAEAFAAGTNgABkwSAAXBhgAFwYUAAhIpAAIAV01hY2ludG9zaCBIRDpVc2VyczoAV2lsbGVtOgBEb2N1bWVudHM6AFBhcGVyczoASG91c3RvbjoAMjAwOC1tb2RlbGxpbmcgbGluZWFyIzY0RjQ2LnBkZgAADgBcAC0AMgAwADAAOAAtAG0AbwBkAGUAbABsAGkAbgBnACAAbABpAG4AZQBhAHIAIABsAG8AZwBpAGMAIAB3AGkAdABoAG8AdQB0ACAAdQBuAGkAdABzAC4AcABkAGYADwAaAAwATQBhAGMAaQBuAHQAbwBzAGgAIABIAEQAEgBTVXNlcnMvV2lsbGVtL0RvY3VtZW50cy9QYXBlcnMvSG91c3Rvbi8yMDA4LW1vZGVsbGluZyBsaW5lYXIgbG9naWMgd2l0aG91dCB1bml0cy5wZGYAABMAAS8AABUAAgAN//8AAIAG0hscHR5aJGNsYXNzbmFtZVgkY2xhc3Nlc11OU011dGFibGVEYXRhox0fIFZOU0RhdGFYTlNPYmplY3TSGxwiI1xOU0RpY3Rpb25hcnmiIiBfEA9OU0tleWVkQXJjaGl2ZXLRJidUcm9vdIABAAgAEQAaACMALQAyADcAQABGAE0AVQBgAGcAagBsAG4AcQBzAHUAdwCEAI4A2QDeAOYC/gMAAwUDEAMZAycDKwMyAzsDQANNA1ADYgNlA2oAAAAAAAACAQAAAAAAAAAoAAAAAAAAAAAAAAAAAAADbA==}}

@article{Lambek-1968,
	Author = {Lambek, Joachim},
	Ee = {http://dx.doi.org/10.1007/BF01703261},
	Journal = {Mathematical Systems Theory},
	Number = 4,
	Pages = {287--318},
	Title = {Deductive Systems and Categories I. Syntactic Calculus and Residuated Categories.},
	Volume = 2,
	Year = 1968}

@phdthesis{Trimble-1994,
	Author = {Todd Trimble},
	Date-Modified = {2014-01-20 19:34:57 +0000},
	School = {Rutgers University},
	Title = {Linear logic, bimodules, and full coherence for autonomous categories},
	Year = {1994}}

@phdthesis{Danos-1990,
	Author = {Vincent Danos},
	Date-Added = {2014-01-16 22:17:13 +0000},
	Date-Modified = {2014-01-16 22:17:13 +0000},
	Keywords = {linear logic, lambda-calculus},
	School = {Universit{\'e} Paris 7},
	Title = {La Logique Lin{\'e}aire appliqu{\'e}e {\`a} l'{\'e}tude de divers processus de normalisation (principalement du {L}ambda-calcul)},
	Year = {1990}}

@inproceedings{Bellin-VanDeWiele-1995,
	Author = {Gianluigi Bellin and Jacques {van de Wiele}},
	Booktitle = {Advances in Linear Logic},
	Date-Added = {2014-01-16 22:12:19 +0000},
	Date-Modified = {2014-01-16 22:12:19 +0000},
	Keywords = {Linear logic},
	Pages = {249--270},
	Title = {Subnets of Proof-nets in {MLL$^-$}},
	Uri = {papers://2E7C2F90-9218-4419-932D-61016E675A07/Paper/p51},
	Year = {1995},
	Bdsk-File-1 = {YnBsaXN0MDDUAQIDBAUGJCVYJHZlcnNpb25YJG9iamVjdHNZJGFyY2hpdmVyVCR0b3ASAAGGoKgHCBMUFRYaIVUkbnVsbNMJCgsMDxJXTlMua2V5c1pOUy5vYmplY3RzViRjbGFzc6INDoACgAOiEBGABIAFgAdccmVsYXRpdmVQYXRoWWFsaWFzRGF0YV8QQy4uLy4uLy4uLy4uL1BhcGVycy9CZWxsaW4vMTk5NS1TdWJuZXRzIG9mIFByb29mLW5ldHMgaW4gTUxMJF4tJC5wZGbSFwsYGVdOUy5kYXRhTxECAgAAAAACAgACAAAMTWFjaW50b3NoIEhEAAAAAAAAAAAAAAAAAAAAzckHOkgrAAAABkw/HzE5OTUtU3VibmV0cyBvZiBQcm9vZiM2NTA1Ny5wZGYAAAAAAAAAAAAAAAAAAAAAAAAAAAAAAAAAAAAAAAAAAAAGUFfF0aFcAAAAAAAAAAAABAADAAAJIAAAAAAAAAAAAAAAAAAAAAZCZWxsaW4AEAAIAADNyPkqAAAAEQAIAADF0aFcAAAAAQAUAAZMPwAGTBIABcGGAAXBhQACEikAAgBWTWFjaW50b3NoIEhEOlVzZXJzOgBXaWxsZW06AERvY3VtZW50czoAUGFwZXJzOgBCZWxsaW46ADE5OTUtU3VibmV0cyBvZiBQcm9vZiM2NTA1Ny5wZGYADgBUACkAMQA5ADkANQAtAFMAdQBiAG4AZQB0AHMAIABvAGYAIABQAHIAbwBvAGYALQBuAGUAdABzACAAaQBuACAATQBMAEwAJABeAC0AJAAuAHAAZABmAA8AGgAMAE0AYQBjAGkAbgB0AG8AcwBoACAASABEABIATlVzZXJzL1dpbGxlbS9Eb2N1bWVudHMvUGFwZXJzL0JlbGxpbi8xOTk1LVN1Ym5ldHMgb2YgUHJvb2YtbmV0cyBpbiBNTEwkXi0kLnBkZgATAAEvAAAVAAIADf//AACABtIbHB0eWiRjbGFzc25hbWVYJGNsYXNzZXNdTlNNdXRhYmxlRGF0YaMdHyBWTlNEYXRhWE5TT2JqZWN00hscIiNcTlNEaWN0aW9uYXJ5oiIgXxAPTlNLZXllZEFyY2hpdmVy0SYnVHJvb3SAAQAIABEAGgAjAC0AMgA3AEAARgBNAFUAYABnAGoAbABuAHEAcwB1AHcAhACOANQA2QDhAucC6QLuAvkDAgMQAxQDGwMkAykDNgM5A0sDTgNTAAAAAAAAAgEAAAAAAAAAKAAAAAAAAAAAAAAAAAAAA1U=}}

@inproceedings{Kanovich-1992,
	Author = {Kanovich, Max I.},
	Booktitle = {LICS},
	Date-Added = {2014-01-15 17:10:18 +0000},
	Date-Modified = {2014-01-20 19:38:25 +0000},
	Keywords = {linear logic, computational complexity},
	Title = {Horn Programming in Linear Logic is {NP}-complete},
	Year = {1992},
	Bdsk-File-1 = {YnBsaXN0MDDUAQIDBAUGJCVYJHZlcnNpb25YJG9iamVjdHNZJGFyY2hpdmVyVCR0b3ASAAGGoKgHCBMUFRYaIVUkbnVsbNMJCgsMDxJXTlMua2V5c1pOUy5vYmplY3RzViRjbGFzc6INDoACgAOiEBGABIAFgAdccmVsYXRpdmVQYXRoWWFsaWFzRGF0YV8QUC4uLy4uLy4uLy4uL1BhcGVycy9LYW5vdmljaC9Ib3JuIFByb2dyYW1taW5nIGluIExpbmVhciBMb2dpYyBpcyBOUC1jb21wbGV0ZS0xOTky0hcLGBlXTlMuZGF0YU8RAioAAAAAAioAAgAADE1hY2ludG9zaCBIRAAAAAAAAAAAAAAAAAAAAM3JBzpIKwAAADH5cx9Ib3JuIFByb2dyYW1taW5nIGluIExpbmUjMzFGOTYyAAAAAAAAAAAAAAAAAAAAAAAAAAAAAAAAAAAAAAAAAAAAMflizvxvdgAAAAAAAAAAAAQAAwAACSAAAAAAAAAAAAAAAAAAAAAIS2Fub3ZpY2gAEAAIAADNyPkqAAAAEQAIAADO/G92AAAAAQAUADH5cwAGTBIABcGGAAXBhQACEikAAgBYTWFjaW50b3NoIEhEOlVzZXJzOgBXaWxsZW06AERvY3VtZW50czoAUGFwZXJzOgBLYW5vdmljaDoASG9ybiBQcm9ncmFtbWluZyBpbiBMaW5lIzMxRjk2MgAOAGoANABIAG8AcgBuACAAUAByAG8AZwByAGEAbQBtAGkAbgBnACAAaQBuACAATABpAG4AZQBhAHIAIABMAG8AZwBpAGMAIABpAHMAIABOAFAALQBjAG8AbQBwAGwAZQB0AGUALQAxADkAOQAyAA8AGgAMAE0AYQBjAGkAbgB0AG8AcwBoACAASABEABIAW1VzZXJzL1dpbGxlbS9Eb2N1bWVudHMvUGFwZXJzL0thbm92aWNoL0hvcm4gUHJvZ3JhbW1pbmcgaW4gTGluZWFyIExvZ2ljIGlzIE5QLWNvbXBsZXRlLTE5OTIAABMAAS8AABUAAgAN//8AAIAG0hscHR5aJGNsYXNzbmFtZVgkY2xhc3Nlc11OU011dGFibGVEYXRhox0fIFZOU0RhdGFYTlNPYmplY3TSGxwiI1xOU0RpY3Rpb25hcnmiIiBfEA9OU0tleWVkQXJjaGl2ZXLRJidUcm9vdIABAAgAEQAaACMALQAyADcAQABGAE0AVQBgAGcAagBsAG4AcQBzAHUAdwCEAI4A4QDmAO4DHAMeAyMDLgM3A0UDSQNQA1kDXgNrA24DgAODA4gAAAAAAAACAQAAAAAAAAAoAAAAAAAAAAAAAAAAAAADig==}}

@incollection{Lincoln-1995,
	Author = {Patrick Lincoln},
	Booktitle = {Advances in Linear Logic},
	Date-Added = {2014-01-15 16:56:09 +0000},
	Date-Modified = {2014-01-15 16:56:09 +0000},
	Keywords = {linear logic, computational complexity, proof search},
	Publisher = {Cambridge University Press},
	Series = {London Mathematical Society Lecture Notes},
	Title = {Deciding Provability of Linear Logic Formulas},
	Volume = {222},
	Year = {1995},
	Bdsk-File-1 = {YnBsaXN0MDDUAQIDBAUGJCVYJHZlcnNpb25YJG9iamVjdHNZJGFyY2hpdmVyVCR0b3ASAAGGoKgHCBMUFRYaIVUkbnVsbNMJCgsMDxJXTlMua2V5c1pOUy5vYmplY3RzViRjbGFzc6INDoACgAOiEBGABIAFgAdccmVsYXRpdmVQYXRoWWFsaWFzRGF0YV8QUS4uLy4uLy4uLy4uL1BhcGVycy9MaW5jb2xuLzE5OTQtZGVjaWRpbmcgcHJvdmFiaWxpdHkgb2YgbGluZWFyIGxvZ2ljIGZvcm11bGFzLnBkZtIXCxgZV05TLmRhdGFPEQIuAAAAAAIuAAIAAAxNYWNpbnRvc2ggSEQAAAAAAAAAAAAAAAAAAADNyQc6SCsAAAAGTRkfMTk5NC1kZWNpZGluZyBwcm92YWJpIzY0RUNCLnBkZgAAAAAAAAAAAAAAAAAAAAAAAAAAAAAAAAAAAAAAAAAAAAZOy8s8nWwAAAAAAAAAAAAEAAMAAAkgAAAAAAAAAAAAAAAAAAAAB0xpbmNvbG4AABAACAAAzcj5KgAAABEACAAAyzydbAAAAAEAFAAGTRkABkwSAAXBhgAFwYUAAhIpAAIAV01hY2ludG9zaCBIRDpVc2VyczoAV2lsbGVtOgBEb2N1bWVudHM6AFBhcGVyczoATGluY29sbjoAMTk5NC1kZWNpZGluZyBwcm92YWJpIzY0RUNCLnBkZgAADgBuADYAMQA5ADkANAAtAGQAZQBjAGkAZABpAG4AZwAgAHAAcgBvAHYAYQBiAGkAbABpAHQAeQAgAG8AZgAgAGwAaQBuAGUAYQByACAAbABvAGcAaQBjACAAZgBvAHIAbQB1AGwAYQBzAC4AcABkAGYADwAaAAwATQBhAGMAaQBuAHQAbwBzAGgAIABIAEQAEgBcVXNlcnMvV2lsbGVtL0RvY3VtZW50cy9QYXBlcnMvTGluY29sbi8xOTk0LWRlY2lkaW5nIHByb3ZhYmlsaXR5IG9mIGxpbmVhciBsb2dpYyBmb3JtdWxhcy5wZGYAEwABLwAAFQACAA3//wAAgAbSGxwdHlokY2xhc3NuYW1lWCRjbGFzc2VzXU5TTXV0YWJsZURhdGGjHR8gVk5TRGF0YVhOU09iamVjdNIbHCIjXE5TRGljdGlvbmFyeaIiIF8QD05TS2V5ZWRBcmNoaXZlctEmJ1Ryb290gAEACAARABoAIwAtADIANwBAAEYATQBVAGAAZwBqAGwAbgBxAHMAdQB3AIQAjgDiAOcA7wMhAyMDKAMzAzwDSgNOA1UDXgNjA3ADcwOFA4gDjQAAAAAAAAIBAAAAAAAAACgAAAAAAAAAAAAAAAAAAAOP}}

@article{Lincoln-Mitchell-Scedrov-Shankar-1992,
	Author = {Patrick Lincoln and John Mitchell and Andre Scedrov and Natarajan Shankar},
	Date-Added = {2014-01-15 16:51:33 +0000},
	Date-Modified = {2014-01-15 16:51:33 +0000},
	Journal = {Annals of Pure and Applied Logic},
	Pages = {239--311},
	Title = {Decision Problems for Propositional Linear Logic},
	Volume = {56},
	Year = {1992},
	Bdsk-File-1 = {YnBsaXN0MDDUAQIDBAUGJCVYJHZlcnNpb25YJG9iamVjdHNZJGFyY2hpdmVyVCR0b3ASAAGGoKgHCBMUFRYaIVUkbnVsbNMJCgsMDxJXTlMua2V5c1pOUy5vYmplY3RzViRjbGFzc6INDoACgAOiEBGABIAFgAdccmVsYXRpdmVQYXRoWWFsaWFzRGF0YV8QVC4uLy4uLy4uLy4uL1BhcGVycy9MaW5jb2xuLzE5OTItZGVjaXNpb24gcHJvYmxlbXMgZm9yIHByb3Bvc2l0aW9uYWwgbGluZWFyIGxvZ2ljLnBkZtIXCxgZV05TLmRhdGFPEQI4AAAAAAI4AAIAAAxNYWNpbnRvc2ggSEQAAAAAAAAAAAAAAAAAAADNyQc6SCsAAAAGTRkfMTk5Mi1kZWNpc2lvbiBwcm9ibGVtIzY0RUM2LnBkZgAAAAAAAAAAAAAAAAAAAAAAAAAAAAAAAAAAAAAAAAAAAAZOxsnE5RIAAAAAAAAAAAAEAAMAAAkgAAAAAAAAAAAAAAAAAAAAB0xpbmNvbG4AABAACAAAzcj5KgAAABEACAAAycTXAgAAAAEAFAAGTRkABkwSAAXBhgAFwYUAAhIpAAIAV01hY2ludG9zaCBIRDpVc2VyczoAV2lsbGVtOgBEb2N1bWVudHM6AFBhcGVyczoATGluY29sbjoAMTk5Mi1kZWNpc2lvbiBwcm9ibGVtIzY0RUM2LnBkZgAADgB0ADkAMQA5ADkAMgAtAGQAZQBjAGkAcwBpAG8AbgAgAHAAcgBvAGIAbABlAG0AcwAgAGYAbwByACAAcAByAG8AcABvAHMAaQB0AGkAbwBuAGEAbAAgAGwAaQBuAGUAYQByACAAbABvAGcAaQBjAC4AcABkAGYADwAaAAwATQBhAGMAaQBuAHQAbwBzAGgAIABIAEQAEgBfVXNlcnMvV2lsbGVtL0RvY3VtZW50cy9QYXBlcnMvTGluY29sbi8xOTkyLWRlY2lzaW9uIHByb2JsZW1zIGZvciBwcm9wb3NpdGlvbmFsIGxpbmVhciBsb2dpYy5wZGYAABMAAS8AABUAAgAN//8AAIAG0hscHR5aJGNsYXNzbmFtZVgkY2xhc3Nlc11OU011dGFibGVEYXRhox0fIFZOU0RhdGFYTlNPYmplY3TSGxwiI1xOU0RpY3Rpb25hcnmiIiBfEA9OU0tleWVkQXJjaGl2ZXLRJidUcm9vdIABAAgAEQAaACMALQAyADcAQABGAE0AVQBgAGcAagBsAG4AcQBzAHUAdwCEAI4A5QDqAPIDLgMwAzUDQANJA1cDWwNiA2sDcAN9A4ADkgOVA5oAAAAAAAACAQAAAAAAAAAoAAAAAAAAAAAAAAAAAAADnA==}}

@article{Lincoln-Winkler-1994,
	Author = {Patrick Lincoln and Timothy Winkler},
	Date-Added = {2014-01-15 13:23:03 +0000},
	Date-Modified = {2014-01-20 19:41:44 +0000},
	Journal = {Theoretical Computer Science},
	Keywords = {linear logic, computational complexity},
	Pages = {155--169},
	Title = {Constant-only multiplicative linear logic is {NP}-complete},
	Volume = {135},
	Year = {1994},
	Bdsk-File-1 = {YnBsaXN0MDDUAQIDBAUGJCVYJHZlcnNpb25YJG9iamVjdHNZJGFyY2hpdmVyVCR0b3ASAAGGoKgHCBMUFRYaIVUkbnVsbNMJCgsMDxJXTlMua2V5c1pOUy5vYmplY3RzViRjbGFzc6INDoACgAOiEBGABIAFgAdccmVsYXRpdmVQYXRoWWFsaWFzRGF0YV8QXC4uLy4uLy4uLy4uL1BhcGVycy9MaW5jb2xuLzE5OTQtY29uc3RhbnQtb25seSBtdWx0aXBsaWNhdGl2ZSBsaW5lYXIgbG9naWMgaXMgbnAtY29tcGxldGUucGRm0hcLGBlXTlMuZGF0YU8RAlAAAAAAAlAAAgAADE1hY2ludG9zaCBIRAAAAAAAAAAAAAAAAAAAAM3JBzpIKwAAAAZNGR8xOTk0LWNvbnN0YW50LW9ubHkgbXUjNjRFQzkucGRmAAAAAAAAAAAAAAAAAAAAAAAAAAAAAAAAAAAAAAAAAAAABk7JzVOhmFBERiBDQVJPAAQAAwAACSAAAAAAAAAAAAAAAAAAAAAHTGluY29sbgAAEAAIAADNyPkqAAAAEQAIAADNU6GYAAAAAQAUAAZNGQAGTBIABcGGAAXBhQACEikAAgBXTWFjaW50b3NoIEhEOlVzZXJzOgBXaWxsZW06AERvY3VtZW50czoAUGFwZXJzOgBMaW5jb2xuOgAxOTk0LWNvbnN0YW50LW9ubHkgbXUjNjRFQzkucGRmAAAOAIQAQQAxADkAOQA0AC0AYwBvAG4AcwB0AGEAbgB0AC0AbwBuAGwAeQAgAG0AdQBsAHQAaQBwAGwAaQBjAGEAdABpAHYAZQAgAGwAaQBuAGUAYQByACAAbABvAGcAaQBjACAAaQBzACAAbgBwAC0AYwBvAG0AcABsAGUAdABlAC4AcABkAGYADwAaAAwATQBhAGMAaQBuAHQAbwBzAGgAIABIAEQAEgBnVXNlcnMvV2lsbGVtL0RvY3VtZW50cy9QYXBlcnMvTGluY29sbi8xOTk0LWNvbnN0YW50LW9ubHkgbXVsdGlwbGljYXRpdmUgbGluZWFyIGxvZ2ljIGlzIG5wLWNvbXBsZXRlLnBkZgAAEwABLwAAFQACAA3//wAAgAbSGxwdHlokY2xhc3NuYW1lWCRjbGFzc2VzXU5TTXV0YWJsZURhdGGjHR8gVk5TRGF0YVhOU09iamVjdNIbHCIjXE5TRGljdGlvbmFyeaIiIF8QD05TS2V5ZWRBcmNoaXZlctEmJ1Ryb290gAEACAARABoAIwAtADIANwBAAEYATQBVAGAAZwBqAGwAbgBxAHMAdQB3AIQAjgDtAPIA+gNOA1ADVQNgA2kDdwN7A4IDiwOQA50DoAOyA7UDugAAAAAAAAIBAAAAAAAAACgAAAAAAAAAAAAAAAAAAAO8}}

@article{Hughes-vanGlabbeek-2005,
	Author = {Dominic Hughes and Rob {van Glabbeek}},
	Date-Added = {2014-01-14 10:14:36 +0000},
	Date-Modified = {2014-01-14 10:14:36 +0000},
	Journal = {\BIBABBR{TOCL}},
	Keywords = {linear logic, proof nets},
	Number = {4},
	Read = {Yes},
	Title = {Proof nets for unit-free multiplicative-additive linear logic},
	Volume = {6},
	Year = {2005},
	Bdsk-File-1 = {YnBsaXN0MDDUAQIDBAUGJCVYJHZlcnNpb25YJG9iamVjdHNZJGFyY2hpdmVyVCR0b3ASAAGGoKgHCBMUFRYaIVUkbnVsbNMJCgsMDxJXTlMua2V5c1pOUy5vYmplY3RzViRjbGFzc6INDoACgAOiEBGABIAFgAdccmVsYXRpdmVQYXRoWWFsaWFzRGF0YV8QYC4uLy4uLy4uLy4uL1BhcGVycy9IdWdoZXMvUHJvb2YgbmV0cyBmb3IgdW5pdC1mcmVlIG11bHRpcGxpY2F0aXZlLWFkZGl0aXZlIGxpbmVhciBsb2dpYy0yMDA1LnBkZtIXCxgZV05TLmRhdGFPEQJaAAAAAAJaAAIAAAxNYWNpbnRvc2ggSEQAAAAAAAAAAAAAAAAAAADNyQc6SCsAAAAGTOAfUHJvb2YgbmV0cyBmb3IgdW5pdC1mIzY0RjM3LnBkZgAAAAAAAAAAAAAAAAAAAAAAAAAAAAAAAAAAAAAAAAAAAAZPN8afNxIAAAAAAAAAAAAEAAMAAAkgAAAAAAAAAAAAAAAAAAAABkh1Z2hlcwAQAAgAAM3I+SoAAAARAAgAAMafKQIAAAABABQABkzgAAZMEgAFwYYABcGFAAISKQACAFZNYWNpbnRvc2ggSEQ6VXNlcnM6AFdpbGxlbToARG9jdW1lbnRzOgBQYXBlcnM6AEh1Z2hlczoAUHJvb2YgbmV0cyBmb3IgdW5pdC1mIzY0RjM3LnBkZgAOAI4ARgBQAHIAbwBvAGYAIABuAGUAdABzACAAZgBvAHIAIAB1AG4AaQB0AC0AZgByAGUAZQAgAG0AdQBsAHQAaQBwAGwAaQBjAGEAdABpAHYAZQAtAGEAZABkAGkAdABpAHYAZQAgAGwAaQBuAGUAYQByACAAbABvAGcAaQBjAC0AMgAwADAANQAuAHAAZABmAA8AGgAMAE0AYQBjAGkAbgB0AG8AcwBoACAASABEABIAa1VzZXJzL1dpbGxlbS9Eb2N1bWVudHMvUGFwZXJzL0h1Z2hlcy9Qcm9vZiBuZXRzIGZvciB1bml0LWZyZWUgbXVsdGlwbGljYXRpdmUtYWRkaXRpdmUgbGluZWFyIGxvZ2ljLTIwMDUucGRmAAATAAEvAAAVAAIADf//AACABtIbHB0eWiRjbGFzc25hbWVYJGNsYXNzZXNdTlNNdXRhYmxlRGF0YaMdHyBWTlNEYXRhWE5TT2JqZWN00hscIiNcTlNEaWN0aW9uYXJ5oiIgXxAPTlNLZXllZEFyY2hpdmVy0SYnVHJvb3SAAQAIABEAGgAjAC0AMgA3AEAARgBNAFUAYABnAGoAbABuAHEAcwB1AHcAhACOAPEA9gD+A1wDXgNjA24DdwOFA4kDkAOZA54DqwOuA8ADwwPIAAAAAAAAAgEAAAAAAAAAKAAAAAAAAAAAAAAAAAAAA8o=}}

@inproceedings{Heijltjes-2011,
	Author = {Willem Heijltjes},
	Booktitle = {LICS},
	Date-Added = {2014-01-14 10:13:08 +0000},
	Date-Modified = {2014-05-11 11:35:33 +0000},
	Pages = {207--216},
	Title = {Proof nets for additive linear logic with units},
	Year = {2011}}

@article{Girard-1987,
	Author = {Jean-Yves Girard},
	Date-Added = {2014-01-14 10:09:27 +0000},
	Date-Modified = {2014-01-14 10:09:27 +0000},
	Journal = {\BIBABBR{TCS}},
	Keywords = {linear logic},
	Number = {1},
	Pages = {1--102},
	Read = {Yes},
	Title = {Linear Logic},
	Uri = {papers://2E7C2F90-9218-4419-932D-61016E675A07/Paper/p647},
	Volume = {50},
	Year = {1987},
	Bdsk-File-1 = {YnBsaXN0MDDUAQIDBAUGJCVYJHZlcnNpb25YJG9iamVjdHNZJGFyY2hpdmVyVCR0b3ASAAGGoKgHCBMUFRYaIVUkbnVsbNMJCgsMDxJXTlMua2V5c1pOUy5vYmplY3RzViRjbGFzc6INDoACgAOiEBGABIAFgAdccmVsYXRpdmVQYXRoWWFsaWFzRGF0YV8QLy4uLy4uLy4uLy4uL1BhcGVycy9HaXJhcmQvMTk4Ny1MaW5lYXIgTG9naWMucGRm0hcLGBlXTlMuZGF0YU8RAbwAAAAAAbwAAgAADE1hY2ludG9zaCBIRAAAAAAAAAAAAAAAAAAAAM3JBzpIKwAAAAZMuBUxOTg3LUxpbmVhciBMb2dpYy5wZGYAAAAAAAAAAAAAAAAAAAAAAAAAAAAAAAAAAAAAAAAAAAAAAAAAAAAAAAAABk94yPcBcAAAAAAAAAAAAAQAAwAACSAAAAAAAAAAAAAAAAAAAAAGR2lyYXJkABAACAAAzcj5KgAAABEACAAAyPcBcAAAAAEAFAAGTLgABkwSAAXBhgAFwYUAAhIpAAIATE1hY2ludG9zaCBIRDpVc2VyczoAV2lsbGVtOgBEb2N1bWVudHM6AFBhcGVyczoAR2lyYXJkOgAxOTg3LUxpbmVhciBMb2dpYy5wZGYADgAsABUAMQA5ADgANwAtAEwAaQBuAGUAYQByACAATABvAGcAaQBjAC4AcABkAGYADwAaAAwATQBhAGMAaQBuAHQAbwBzAGgAIABIAEQAEgA6VXNlcnMvV2lsbGVtL0RvY3VtZW50cy9QYXBlcnMvR2lyYXJkLzE5ODctTGluZWFyIExvZ2ljLnBkZgATAAEvAAAVAAIADf//AACABtIbHB0eWiRjbGFzc25hbWVYJGNsYXNzZXNdTlNNdXRhYmxlRGF0YaMdHyBWTlNEYXRhWE5TT2JqZWN00hscIiNcTlNEaWN0aW9uYXJ5oiIgXxAPTlNLZXllZEFyY2hpdmVy0SYnVHJvb3SAAQAIABEAGgAjAC0AMgA3AEAARgBNAFUAYABnAGoAbABuAHEAcwB1AHcAhACOAMAAxQDNAo0CjwKUAp8CqAK2AroCwQLKAs8C3ALfAvEC9AL5AAAAAAAAAgEAAAAAAAAAKAAAAAAAAAAAAAAAAAAAAvs=}}

@article{Danos-Regnier-1989,
	Author = {Danos, Vincent and Regnier, Laurent},
	Date-Added = {2014-01-14 10:08:59 +0000},
	Date-Modified = {2014-01-15 17:18:03 +0000},
	Issue = {3},
	Journal = {Archive for Mathematical Logic},
	Pages = {181--203},
	Publisher = {Springer Berlin / Heidelberg},
	Title = {The structure of multiplicatives},
	Volume = {28},
	Year = {1989},
	Bdsk-File-1 = {YnBsaXN0MDDUAQIDBAUGJCVYJHZlcnNpb25YJG9iamVjdHNZJGFyY2hpdmVyVCR0b3ASAAGGoKgHCBMUFRYaIVUkbnVsbNMJCgsMDxJXTlMua2V5c1pOUy5vYmplY3RzViRjbGFzc6INDoACgAOiEBGABIAFgAdccmVsYXRpdmVQYXRoWWFsaWFzRGF0YV8QQi4uLy4uLy4uLy4uL1BhcGVycy9EYW5vcy9UaGUgc3RydWN0dXJlIG9mIG11bHRpcGxpY2F0aXZlcy0xOTg5LnBkZtIXCxgZV05TLmRhdGFPEQICAAAAAAICAAIAAAxNYWNpbnRvc2ggSEQAAAAAAAAAAAAAAAAAAADNyQc6SCsAAAAGTHsfVGhlIHN0cnVjdHVyZSBvZiBtdWx0IzY0RkRBLnBkZgAAAAAAAAAAAAAAAAAAAAAAAAAAAAAAAAAAAAAAAAAAAAZP2so3jEgAAAAAAAAAAAAEAAMAAAkgAAAAAAAAAAAAAAAAAAAABURhbm9zAAAQAAgAAM3I+SoAAAARAAgAAMo3fjgAAAABABQABkx7AAZMEgAFwYYABcGFAAISKQACAFVNYWNpbnRvc2ggSEQ6VXNlcnM6AFdpbGxlbToARG9jdW1lbnRzOgBQYXBlcnM6AERhbm9zOgBUaGUgc3RydWN0dXJlIG9mIG11bHQjNjRGREEucGRmAAAOAFQAKQBUAGgAZQAgAHMAdAByAHUAYwB0AHUAcgBlACAAbwBmACAAbQB1AGwAdABpAHAAbABpAGMAYQB0AGkAdgBlAHMALQAxADkAOAA5AC4AcABkAGYADwAaAAwATQBhAGMAaQBuAHQAbwBzAGgAIABIAEQAEgBNVXNlcnMvV2lsbGVtL0RvY3VtZW50cy9QYXBlcnMvRGFub3MvVGhlIHN0cnVjdHVyZSBvZiBtdWx0aXBsaWNhdGl2ZXMtMTk4OS5wZGYAABMAAS8AABUAAgAN//8AAIAG0hscHR5aJGNsYXNzbmFtZVgkY2xhc3Nlc11OU011dGFibGVEYXRhox0fIFZOU0RhdGFYTlNPYmplY3TSGxwiI1xOU0RpY3Rpb25hcnmiIiBfEA9OU0tleWVkQXJjaGl2ZXLRJidUcm9vdIABAAgAEQAaACMALQAyADcAQABGAE0AVQBgAGcAagBsAG4AcQBzAHUAdwCEAI4A0wDYAOAC5gLoAu0C+AMBAw8DEwMaAyMDKAM1AzgDSgNNA1IAAAAAAAACAQAAAAAAAAAoAAAAAAAAAAAAAAAAAAADVA==}}

@article{Blute-Cockett-Seely-Trimble-1996,
	Author = {Richard Blute and Robin Cockett and Robert Seely and Todd Trimble},
	Date-Added = {2014-01-14 10:08:47 +0000},
	Date-Modified = {2014-01-14 10:08:47 +0000},
	Journal = {\BIBABBR{JPAA}},
	Keywords = {Linear logic},
	Pages = {229--296},
	Read = {Yes},
	Title = {Natural deduction and coherence for weakly distributive categories},
	Uri = {papers://2E7C2F90-9218-4419-932D-61016E675A07/Paper/p650},
	Volume = {113},
	Year = {1996},
	Bdsk-File-1 = {YnBsaXN0MDDUAQIDBAUGJCVYJHZlcnNpb25YJG9iamVjdHNZJGFyY2hpdmVyVCR0b3ASAAGGoKgHCBMUFRYaIVUkbnVsbNMJCgsMDxJXTlMua2V5c1pOUy5vYmplY3RzViRjbGFzc6INDoACgAOiEBGABIAFgAdccmVsYXRpdmVQYXRoWWFsaWFzRGF0YV8QRS4uLy4uLy4uLy4uL1BhcGVycy9CbHV0ZS8xOTk2LU5hdHVyYWwgZGVkdWN0aW9uIGFuZCBjb2hlcmVuY2UgZm9yLnBkZtIXCxgZV05TLmRhdGFPEQIKAAAAAAIKAAIAAAxNYWNpbnRvc2ggSEQAAAAAAAAAAAAAAAAAAADNyQc6SCsAAAAGTFEfMTk5Ni1OYXR1cmFsIGRlZHVjdGlvIzY1MDNELnBkZgAAAAAAAAAAAAAAAAAAAAAAAAAAAAAAAAAAAAAAAAAAAAZQPckARWIAAAAAAAAAAAAEAAMAAAkgAAAAAAAAAAAAAAAAAAAABUJsdXRlAAAQAAgAAM3I+SoAAAARAAgAAMkARWIAAAABABQABkxRAAZMEgAFwYYABcGFAAISKQACAFVNYWNpbnRvc2ggSEQ6VXNlcnM6AFdpbGxlbToARG9jdW1lbnRzOgBQYXBlcnM6AEJsdXRlOgAxOTk2LU5hdHVyYWwgZGVkdWN0aW8jNjUwM0QucGRmAAAOAFoALAAxADkAOQA2AC0ATgBhAHQAdQByAGEAbAAgAGQAZQBkAHUAYwB0AGkAbwBuACAAYQBuAGQAIABjAG8AaABlAHIAZQBuAGMAZQAgAGYAbwByAC4AcABkAGYADwAaAAwATQBhAGMAaQBuAHQAbwBzAGgAIABIAEQAEgBQVXNlcnMvV2lsbGVtL0RvY3VtZW50cy9QYXBlcnMvQmx1dGUvMTk5Ni1OYXR1cmFsIGRlZHVjdGlvbiBhbmQgY29oZXJlbmNlIGZvci5wZGYAEwABLwAAFQACAA3//wAAgAbSGxwdHlokY2xhc3NuYW1lWCRjbGFzc2VzXU5TTXV0YWJsZURhdGGjHR8gVk5TRGF0YVhOU09iamVjdNIbHCIjXE5TRGljdGlvbmFyeaIiIF8QD05TS2V5ZWRBcmNoaXZlctEmJ1Ryb290gAEACAARABoAIwAtADIANwBAAEYATQBVAGAAZwBqAGwAbgBxAHMAdQB3AIQAjgDWANsA4wLxAvMC+AMDAwwDGgMeAyUDLgMzA0ADQwNVA1gDXQAAAAAAAAIBAAAAAAAAACgAAAAAAAAAAAAAAAAAAANf}}

@article{Strassburger-Lamarche-2004,
	Author = {Lutz Stra{\ss}burger and Fran{\c{c}}ois Lamarche},
	Date-Added = {2013-09-30 11:44:06 +0000},
	Date-Modified = {2013-09-30 11:44:36 +0000},
	Journal = {CSL},
	Keywords = {linear logic},
	Pages = {145--159},
	Title = {On Proof Nets for Multiplicative Linear Logic with Units},
	Year = {2004}}

@article{Seely-1989,
	Author = {Robert Seely},
	Date-Added = {2013-09-23 11:16:32 +0000},
	Date-Modified = {2013-09-23 11:16:32 +0000},
	Journal = {Contemporary Mathematics},
	Keywords = {linear logic},
	Read = {Yes},
	Title = {Linear logic, *-autonomous categories and cofree coalgebras},
	Uri = {papers://2E7C2F90-9218-4419-932D-61016E675A07/Paper/p654},
	Volume = {92},
	Year = {1989}}

@article{Hughes-2012-categories,
	Author = {Hughes, Dominic J.D.},
	Date-Added = {2013-09-23 10:48:03 +0000},
	Date-Modified = {2014-12-05 11:30:06 +0000},
	Journal = {JPAA},
	Keywords = {proof nets, linear logic, monoidal categories},
	Number = {11},
	Pages = {2386--2410},
	Title = {Simple free star-autonomous categories and full coherence},
	Volume = {216},
	Year = {2012}}

@article{Savitch-1970,
	Author = {Savitch, Walter J.},
	Date-Added = {2013-09-23 09:46:30 +0000},
	Date-Modified = {2013-09-23 10:47:10 +0000},
	Journal = {Journal of Computer and System Sciences},
	Keywords = {computational complexity},
	Pages = {177--192},
	Title = {Relationships between nondeterministic and deterministic tape complexities},
	Volume = {42},
	Year = {1970},
	Bdsk-File-1 = {YnBsaXN0MDDUAQIDBAUGJCVYJHZlcnNpb25YJG9iamVjdHNZJGFyY2hpdmVyVCR0b3ASAAGGoKgHCBMUFRYaIVUkbnVsbNMJCgsMDxJXTlMua2V5c1pOUy5vYmplY3RzViRjbGFzc6INDoACgAOiEBGABIAFgAdccmVsYXRpdmVQYXRoWWFsaWFzRGF0YV8Qai4uLy4uLy4uLy4uL1BhcGVycy9TYXZpdGNoL1JlbGF0aW9uc2hpcHMgYmV0d2VlbiBub25kZXRlcm1pbmlzdGljIGFuZCBkZXRlcm1pbmlzdGljIHRhcGUgY29tcGxleGl0aWVzLTE5NzDSFwsYGVdOUy5kYXRhTxECegAAAAACegACAAAMTWFjaW50b3NoIEhEAAAAAAAAAAAAAAAAAAAAzckHOkgrAAAAEtjTH1JlbGF0aW9uc2hpcHMgYmV0d2VlbiBubyMxMkQ2M0IAAAAAAAAAAAAAAAAAAAAAAAAAAAAAAAAAAAAAAAAAAAAS1jvI7ZnyAAAAAAAAAAAABAADAAAJIAAAAAAAAAAAAAAAAAAAAAdTYXZpdGNoAAAQAAgAAM3I+SoAAAARAAgAAMjti+IAAAABABQAEtjTAAZMEgAFwYYABcGFAAISKQACAFdNYWNpbnRvc2ggSEQ6VXNlcnM6AFdpbGxlbToARG9jdW1lbnRzOgBQYXBlcnM6AFNhdml0Y2g6AFJlbGF0aW9uc2hpcHMgYmV0d2VlbiBubyMxMkQ2M0IAAA4AoABPAFIAZQBsAGEAdABpAG8AbgBzAGgAaQBwAHMAIABiAGUAdAB3AGUAZQBuACAAbgBvAG4AZABlAHQAZQByAG0AaQBuAGkAcwB0AGkAYwAgAGEAbgBkACAAZABlAHQAZQByAG0AaQBuAGkAcwB0AGkAYwAgAHQAYQBwAGUAIABjAG8AbQBwAGwAZQB4AGkAdABpAGUAcwAtADEAOQA3ADAADwAaAAwATQBhAGMAaQBuAHQAbwBzAGgAIABIAEQAEgB1VXNlcnMvV2lsbGVtL0RvY3VtZW50cy9QYXBlcnMvU2F2aXRjaC9SZWxhdGlvbnNoaXBzIGJldHdlZW4gbm9uZGV0ZXJtaW5pc3RpYyBhbmQgZGV0ZXJtaW5pc3RpYyB0YXBlIGNvbXBsZXhpdGllcy0xOTcwAAATAAEvAAAVAAIADf//AACABtIbHB0eWiRjbGFzc25hbWVYJGNsYXNzZXNdTlNNdXRhYmxlRGF0YaMdHyBWTlNEYXRhWE5TT2JqZWN00hscIiNcTlNEaWN0aW9uYXJ5oiIgXxAPTlNLZXllZEFyY2hpdmVy0SYnVHJvb3SAAQAIABEAGgAjAC0AMgA3AEAARgBNAFUAYABnAGoAbABuAHEAcwB1AHcAhACOAPsBAAEIA4YDiAONA5gDoQOvA7MDugPDA8gD1QPYA+oD7QPyAAAAAAAAAgEAAAAAAAAAKAAAAAAAAAAAAAAAAAAAA/Q=}}

@article{Barr-1991,
	Author = {Michael Barr},
	Date-Added = {2013-07-19 17:08:29 +0000},
	Date-Modified = {2013-07-19 17:08:29 +0000},
	Journal = {\BIBABBR{MSCS}},
	Keywords = {linear logic, categorical semantics},
	Pages = {159--178},
	Read = {Yes},
	Title = {*-{A}utonomous categories and linear logic},
	Volume = {1},
	Year = {1991},
	Bdsk-File-1 = {YnBsaXN0MDDUAQIDBAUGJCVYJHZlcnNpb25YJG9iamVjdHNZJGFyY2hpdmVyVCR0b3ASAAGGoKgHCBMUFRYaIVUkbnVsbNMJCgsMDxJXTlMua2V5c1pOUy5vYmplY3RzViRjbGFzc6INDoACgAOiEBGABIAFgAdccmVsYXRpdmVQYXRoWWFsaWFzRGF0YV8QSS4uLy4uLy4uLy4uL1BhcGVycy9CYXJyLzE5OTEtKi1BdXRvbm9tb3VzIGNhdGVnb3JpZXMgYW5kIGxpbmVhciBsb2dpYy5wZGbSFwsYGVdOUy5kYXRhTxECFAAAAAACFAACAAAMTWFjaW50b3NoIEhEAAAAAAAAAAAAAAAAAAAAzckHOkgrAAAABkw5HzE5OTEtKi1BdXRvbm9tb3VzIGNhdCM2NTA1RC5wZGYAAAAAAAAAAAAAAAAAAAAAAAAAAAAAAAAAAAAAAAAAAAAGUF3JAcpCAAAAAAAAAAAABAADAAAJIAAAAAAAAAAAAAAAAAAAAARCYXJyABAACAAAzcj5KgAAABEACAAAyQHKQgAAAAEAFAAGTDkABkwSAAXBhgAFwYUAAhIpAAIAVE1hY2ludG9zaCBIRDpVc2VyczoAV2lsbGVtOgBEb2N1bWVudHM6AFBhcGVyczoAQmFycjoAMTk5MS0qLUF1dG9ub21vdXMgY2F0IzY1MDVELnBkZgAOAGQAMQAxADkAOQAxAC0AKgAtAEEAdQB0AG8AbgBvAG0AbwB1AHMAIABjAGEAdABlAGcAbwByAGkAZQBzACAAYQBuAGQAIABsAGkAbgBlAGEAcgAgAGwAbwBnAGkAYwAuAHAAZABmAA8AGgAMAE0AYQBjAGkAbgB0AG8AcwBoACAASABEABIAVFVzZXJzL1dpbGxlbS9Eb2N1bWVudHMvUGFwZXJzL0JhcnIvMTk5MS0qLUF1dG9ub21vdXMgY2F0ZWdvcmllcyBhbmQgbGluZWFyIGxvZ2ljLnBkZgATAAEvAAAVAAIADf//AACABtIbHB0eWiRjbGFzc25hbWVYJGNsYXNzZXNdTlNNdXRhYmxlRGF0YaMdHyBWTlNEYXRhWE5TT2JqZWN00hscIiNcTlNEaWN0aW9uYXJ5oiIgXxAPTlNLZXllZEFyY2hpdmVy0SYnVHJvb3SAAQAIABEAGgAjAC0AMgA3AEAARgBNAFUAYABnAGoAbABuAHEAcwB1AHcAhACOANoA3wDnAv8DAQMGAxEDGgMoAywDMwM8A0EDTgNRA2MDZgNrAAAAAAAAAgEAAAAAAAAAKAAAAAAAAAAAAAAAAAAAA20=}}

@book{Barr-1979,
	Address = {Berlin, Heidelberg, New York},
	Author = {Michael Barr},
	Date-Added = {2013-07-19 17:07:40 +0000},
	Date-Modified = {2013-07-19 17:07:40 +0000},
	Keywords = {linear logic, categorical semantics},
	Publisher = {Springer-Verlag},
	Series = {Lecture Notes in Mathematics},
	Title = {*-{A}utonomous categories},
	Volume = {752},
	Year = {1979}}

@article{Hughes-2012-nets,
	Author = {Hughes, Dominic J.D.},
	Date-Modified = {2014-12-05 11:30:15 +0000},
	Journal = {Annals of Pure and Applied Logic},
	Note = {arXiv:math.LO/0507003},
	Title = {Simple multiplicative proof nets with units},
	Xurl = {http://arxiv.org/abs/math.LO/0507003},
	Year = {2012}}

@article{ReconfigurationProblems,
	Author = {Takehiro Ito and Erik D. Demaine and Nicholas J.A. Harvey and Christos H. Papadimitriou and Martha Sideri and Ryuhei Uehara and Yushi Uno},
	Date-Modified = {2013-09-23 13:13:04 +0000},
	Journal = {Theoretical Computer Science},
	Number = {12--14},
	Pages = {1054--1065},
	Title = {On the complexity of reconfiguration problems},
	Volume = {412},
	Year = {2011}}

@incollection{TheConnectivityOfBooleanSatisfiability,
	Author = {Parikshit Gopalan and Phokion G. Kolaitis and Elitza N. Maneva and Christos H. Papadimitriou},
	Booktitle = {Automata, Languages and Programming},
	Date-Modified = {2013-09-23 13:15:04 +0000},
	Pages = {346--357},
	Publisher = {Springer Berlin Heidelberg},
	Series = {LNCS},
	Title = {The Connectivity of Boolean Satisfiability: Computational and Structural Dichotomies},
	Volume = {4051},
	Year = {2006}}

@book{GareyAndJohnson,
	Address = {New York, NY, USA},
	Author = {Garey, Michael R. and Johnson, David S.},
	Date-Modified = {2013-09-23 13:14:27 +0000},
	Publisher = {W. H. Freeman \& Co.},
	Title = {Computers and Intractability: A Guide to the Theory of NP-Completeness},
	Year = {1979}}

@article{RushHour,
	Author = {Gary William Flake and Eric B. Baum},
	Date-Modified = {2013-09-23 13:14:12 +0000},
	Journal = {Theoretical Computer Science},
	Number = {1--2},
	Pages = {895--911},
	Title = {Rush Hour is {PSPACE}-complete, or, ``Why you should generously tip parking lot attendants''},
	Volume = {270},
	Year = {2002}}

@article{Hearn-Demaine-2005,
	Author = {Robert A. Hearn and Erik D. Demaine},
	Date-Modified = {2014-01-16 22:29:38 +0000},
	Journal = {Theoretical Computer Science},
	Number = {1--2},
	Pages = {72--96},
	Title = {{PSPACE}-completeness of sliding-block puzzles and other problems through the nondeterministic constraint logic model of computation},
	Volume = {343},
	Year = {2005}}

@inproceedings{Demaine-Hearn-2008,
	Author = {Demaine, Erik D and Hearn, Robert A},
	Booktitle = {Proc.\ Conference on Computational Complexity (CCC'08)},
	Date-Modified = {2014-04-18 11:18:16 +0000},
	Pages = {149--162},
	Title = {Constraint logic: A uniform framework for modeling computation as games},
	Year = {2008}}

@book{GamesPuzzlesAndComputation,
	Author = {Robert A Hearn and Erik D Demaine},
	Publisher = {AK Peters, Ltd.},
	Title = {Games, puzzles, and computation},
	Year = {2009}}
